% this is a database of bibliographies, which contains books, journals and conferences
% updated by xsk

%---------------------- Book ----------------------------%
@book{hyvarinen2009natural,
	title={Natural Image Statistics: A Probabilistic Approach to Early Computational Vision.},
	author={Hyv{\"a}rinen, Aapo and Hurri, Jarmo and Hoyer, Patrick O},
	volume={39},
	year={2009},
	publisher={Springer Science \& Business Media}
}

%----------------------- Book ---------------------------%

%---------------------- Journal -------------------------%
@article{hinton2006reducing,
	title={Reducing the dimensionality of data with neural networks},
	author={Hinton, Geoffrey E and Salakhutdinov, Ruslan R},
	journal={Science},
	volume={313},
	number={5786},
	pages={504--507},
	year={2006},
	publisher={American Association for the Advancement of Science}
}

@article{erhan2010does,
	title={Why does unsupervised pre-training help deep learning?},
	author={Erhan, Dumitru and Bengio, Yoshua and Courville, Aaron and Manzagol, Pierre-Antoine and Vincent, Pascal and Bengio, Samy},
	journal={The Journal of Machine Learning Research},
	volume={11},
	pages={625--660},
	year={2010},
	publisher={JMLR. org}
}

@article{bengio2007greedy,
	title={Greedy layer-wise training of deep networks},
	author={Bengio, Yoshua and Lamblin, Pascal and Popovici, Dan and Larochelle, Hugo and others},
	journal={Advances in neural information processing systems},
	volume={19},
	pages={153},
	year={2007},
	publisher={MIT; 1998}
}

%----------------------- Journal ------------------------%

%---------------------- Conference ----------------------%
@inproceedings{icml2013_cho13, 
	Publisher = {JMLR Workshop and Conference Proceedings}, 
	Title = {Simple Sparsification Improves Sparse Denoising Autoencoders in Denoising Highly Corrupted Images}, 
	Booktitle = {Proceedings of the 30th International Conference on Machine Learning (ICML-13)}, 
	Author = {Kyunghyun Cho}, 
	Number = {3}, 
	Month = may, 
	Volume = {28}, 
	Editor = {Sanjoy Dasgupta and David Mcallester}, 
	Year = {2013}, 
	Pages = {432-440}, 
}

%---------------------- Conference ----------------------%


@misc{ng2012ufldl,
  title={UFLDL tutorial},
  author={Ng, Andrew and Ngiam, Jiquan and Foo, Chuan Yu and Mai, Yifan and Suen, Caroline},
  journal={2012)[2014-08-12]. http://deeplearning. stanford. edu/wiki/index. php/UFLDL\_Tutorial},
  year={2012}
}

@inproceedings{zhao2014autoencoder,
	title={An autoencoder with bilingual sparse features for improved statistical machine translation},
	author={Zhao, Bing and Tam, Yik-Cheung and Zheng, Jing},
	booktitle={Acoustics, Speech and Signal Processing (ICASSP), 2014 IEEE International Conference on},
	pages={7103--7107},
	year={2014},
	organization={IEEE}
}

@inproceedings{fayyaz2015online,
	title={Online signature verification based on feature representation},
	author={Fayyaz, Mohsen and Saffar, Mohammad Hajizadeh and Sabokrou, Mohammad and Hoseini, M and Fathy, M},
	booktitle={Artificial Intelligence and Signal Processing (AISP), 2015 International Symposium on},
	pages={211--216},
	year={2015},
	organization={IEEE}
}
