% this is a database of bibliographies, which contains books, journals and conferences
% updated by xsk

%---------------------- Book ----------------------------%
@BOOK{PRML,
  author =       {Bishop C M},
  title =        {Pattern recognition and machine learning},
  publisher =    {springer},
  year =         {2006},
}
%----------------------- Book ---------------------------%

%---------------------- Journal -------------------------%
@ARTICLE{FCNFSS,
  author =       {Long Jonathan and Evan Shelhamer and Trevor Darrell},
  title =        {Fully convolutional networks for semantic segmentation},
  journal =      {arXiv preprint arXiv},
  year =         {2014},
  volume =       {1411},
  number =       {4038},
}

@article{bouvrie2006notes,
  title={Notes on convolutional neural networks},
  author={Bouvrie, Jake},
  year={2006}
}

@article{lecun1998gradient,
	title={Gradient-based learning applied to document recognition},
	author={LeCun, Yann and Bottou, L{\'e}on and Bengio, Yoshua and Haffner, Patrick},
	journal={Proceedings of the IEEE},
	volume={86},
	number={11},
	pages={2278--2324},
	year={1998},
	publisher={IEEE}
}

@article{fan2014learning,
  title={Learning deep face representation},
  author={Fan, Haoqiang and Cao, Zhimin and Jiang, Yuning and Yin, Qi and Doudou, Chinchilla},
  journal={arXiv preprint arXiv:1403.2802},
  year={2014}
}
%----------------------- Journal ------------------------%

%---------------------- Conference ----------------------%
@inproceedings{krizhevsky2012imagenet,
  title={Imagenet classification with deep convolutional neural networks},
  author={Krizhevsky, Alex and Sutskever, Ilya and Hinton, Geoffrey E},
  booktitle={Advances in neural information processing systems},
  pages={1097--1105},
  year={2012}
}

@inproceedings{lecun1995comparison,
  title={Comparison of learning algorithms for handwritten digit recognition},
  author={LeCun, Yann and Jackel, LD and Bottou, L and Brunot, A and Cortes, C and Denker, JS and Drucker, H and Guyon, I and Muller, UA and Sackinger, E and others},
  booktitle={International conference on artificial neural networks},
  volume={60},
  pages={53--60},
  year={1995}
}

@InProceedings{Sun2014CVPR,
 author = {Sun, Yi and Wang, Xiaogang and Tang, Xiaoou},
 title = {Deep Learning Face Representation from Predicting 10,000 Classes},
 booktitle = {The IEEE Conference on Computer Vision and Pattern Recognition (CVPR)},
 month = {June},
 year = {2014}
 }
 
@inproceedings{coates2011analysis,
  title={An analysis of single-layer networks in unsupervised feature learning},
  author={Coates, Adam and Ng, Andrew Y and Lee, Honglak},
  booktitle={International conference on artificial intelligence and statistics},
  pages={215--223},
  year={2011}
}

@INPROCEEDINGS{CalTech101,
  author =       {L. Fei-Fei, R. Fergus and P. Perona},
  title =        {Learning generative visual models from few training examples: an incremental Bayesian approach tested on 101 object categories},
  year =         {2004},
  organization = {Workshop on Generative-Model Based Vision},
  publisher =    {IEEE. CVPR}
}

@inproceedings{krizhevsky2009learning,
	title={Learning multiple layers of features from tiny images},
	author={Krizhevsky, Alex and Hinton, Geoffrey},
	year={2009},
	publisher={Citeseer}
}

@inproceedings{ciresan2012multi,
	title={Multi-column deep neural networks for image classification},
	author={Ciresan, Dan and Meier, Ueli and Schmidhuber, J{\"u}rgen},
	booktitle={Computer Vision and Pattern Recognition (CVPR), 2012 IEEE Conference on},
	pages={3642--3649},
	year={2012},
	organization={IEEE}
}

@inproceedings{girshick2015fast,
	title={Fast r-cnn},
	author={Girshick, Ross},
	booktitle={Proceedings of the IEEE International Conference on Computer Vision},
	pages={1440--1448},
	year={2015}
}

@inproceedings{girshick2014rich,
  title={Rich feature hierarchies for accurate object detection and semantic segmentation},
  author={Girshick, Ross and Donahue, Jeff and Darrell, Trevor and Malik, Jitendra},
  booktitle={Proceedings of the IEEE conference on computer vision and pattern recognition},
  pages={580--587},
  year={2014}
}

%---------------------- Conference ----------------------%


@misc{ng2012ufldl,
  title={UFLDL tutorial},
  author={Ng, Andrew and Ngiam, Jiquan and Foo, Chuan Yu and Mai, Yifan and Suen, Caroline},
  journal={2012)[2014-08-12]. http://deeplearning. stanford. edu/wiki/index. php/UFLDL\_Tutorial},
  year={2012}
}

@misc{yin2015learning,
  title={Learning Deep Face Representation},
  author={Yin, Qi and Cao, Zhimin and Jiang, Yuning and Fan, Haoqiang},
  year={2015},
  month=dec # "~3",
  note={US Patent 20,150,347,820}
}
